@book{Knu86,
  author    = {Donald E. Knuth},
  title     = {The TeXbook},
  publisher = {Addison-Wesley},
  year      = {1986},
  isbn      = {0-201-13447-0},
  bibsource = {DBLP, http://dblp.uni-trier.de}
}

@book{Lam94,
  author    = {Leslie Lamport},
  title     = {LaTeX - A Document Preparation System: User's Guide and
               Reference Manual, Second Edition},
  publisher = {Pearson / Prentice Hall},
  year      = {1994},
  isbn      = {978-0-201-52983-8},
  pages     = {I-XVI, 1-272},
  bibsource = {DBLP, http://dblp.uni-trier.de}
}

@online{archeido2024,
    author    = {Archeido},
    title     = {Archeido - Soluzioni Software Innovative},
    year      = {2024},
    url       = {https://archeido.com/},
    note      = {Accesso: 29 Settembre 2024}
}

@online{nextjs2024,
    author    = {Vercel},
    title     = {Next.js - The React Framework},
    year      = {2024},
    url       = {https://nextjs.org/},
    note      = {Accesso: 29 Settembre 2024}
}

@misc{nextjsdocs2024,
  title = {Next.js Documentation},
  author = {{Vercel}},
  year = {2024},
  url = {https://nextjs.org/docs},
  note = {Accessed: 2024-10-01}
}


@online{nextui2024,
    author    = {NextUI},
    title     = {NextUI - A React UI Library},
    year      = {2024},
    url       = {https://nextui.org/},
    note      = {Accesso: 29 Settembre 2024}
}

@online{scrumwiki2024,
    author    = {Wikipedia},
    title     = {Scrum (informatica)},
    year      = {2024},
    url       = {https://it.wikipedia.org/wiki/Scrum_(informatica)},
    note      = {Accesso: 29 Settembre 2024}
}

@online{kanbanwiki2024,
    author    = {Wikipedia},
    title     = {Kanban},
    year      = {2024},
    url       = {https://it.wikipedia.org/wiki/Kanban},
    note      = {Accesso: 29 Settembre 2024}
}

@online{knowthen2024,
    author    = {KnowThen},
    title     = {Functional Programming for Beginners with JavaScript},
    year      = {2024},
    url       = {https://knowthen.com/category/functional-programming-for-beginners-with-javascript/},
    note      = {Accesso: 29 Settembre 2024}
}

@online{udemyreactredux2024,
    author    = {Udemy},
    title     = {Modern React with Redux [2024 Update]},
    year      = {2024},
    url       = {https://www.udemy.com/course/react-redux/},
    note      = {Accesso: 29 Settembre 2024}
}

@misc{wikipedia:javascript,
  title = {JavaScript},
  author = {{Wikipedia contributors}},
  year = {2024},
  url = {https://it.wikipedia.org/wiki/JavaScript},
  note = {Ultima modifica il 22 settembre 2024. Accesso il 1 ottobre 2024.}
}

@misc{wikipedia:typescript,
  title = {TypeScript},
  author = {{Wikipedia contributors}},
  year = {2024},
  url = {https://it.wikipedia.org/wiki/TypeScript},
  note = {Ultima modifica il 27 settembre 2024. Accesso il 1 ottobre 2024.}
}

@misc{tailwindcss,
  title = {Tailwind CSS},
  author = {{Tailwind CSS contributors}},
  year = {2024},
  url = {https://tailwindcss.com},
  note = {Accesso il 1 ottobre 2024.}
}

@online{awsamplifynextjs2024,
  author    = {Amazon Web Services},
  title     = {AWS Amplify Documentation for Next.js},
  year      = {2024},
  url       = {https://docs.amplify.aws/nextjs/},
  note      = {Accessed: 2024-10-06}
}

@article{edvins2024usememo,
  title={UseMemo Overdose},
  author={Edvins},
  year={2024},
  url={https://edvins.io/usememo-overdose},
  note={Accessed: 2024-10-27}
}

@misc{funicello2024reactjsday,
  title={Giuseppe Funicello at ReactJS Day 2024},
  author={Giuseppe Funicello},
  year={2024},
  url={https://2024.reactjsday.it/talks_speakers/#giuseppe-funicello},
  note={Presented: 2024-10-27}
}

@misc{wcag21,
  title={Web Content Accessibility Guidelines (WCAG) 2.1},
  author={World Wide Web Consortium (W3C)},
  year={2018},
  url={https://www.w3.org/TR/WCAG21/},
  note={Accessed: 2024-11-03}
}

@misc{formik,
  title={Formik},
  author={Jared Palmer},
  year={2024},
  url={https://formik.org/},
  note={Accessed: 2024-11-09}
}












